@article{babaeizadeh2016,
	author    = {Mohammad Babaeizadeh and
		Iuri Frosio and
		Stephen Tyree and
		Jason Clemons and
		Jan Kautz},
	title     = {{GA3C:} GPU-based {A3C} for Deep Reinforcement Learning},
	journal   = {CoRR},
	volume    = {abs/1611.06256},
	year      = {2016},
	url       = {http://arxiv.org/abs/1611.06256},
	archivePrefix = {arXiv},
	eprint    = {1611.06256},
	timestamp = {Wed, 07 Jun 2017 14:42:36 +0200},
	biburl    = {http://dblp.org/rec/bib/journals/corr/BabaeizadehFTCK16},
	bibsource = {dblp computer science bibliography, http://dblp.org}
}

@misc{1606.01540,
	Author = {Greg Brockman and Vicki Cheung and Ludwig Pettersson and Jonas Schneider and John Schulman and Jie Tang and Wojciech Zaremba},
	Title = {OpenAI Gym},
	Year = {2016},
	Eprint = {arXiv:1606.01540},
}

@article{lowe2017,
	author    = {Ryan Lowe and
	Yi Wu and
	Aviv Tamar and
	Jean Harb and
	Pieter Abbeel and
	Igor Mordatch},
	title     = {Multi-Agent Actor-Critic for Mixed Cooperative-Competitive Environments},
	journal   = {CoRR},
	volume    = {abs/1706.02275},
	year      = {2017},
	url       = {http://arxiv.org/abs/1706.02275},
	archivePrefix = {arXiv},
	eprint    = {1706.02275},
	timestamp = {Mon, 03 Jul 2017 13:29:02 +0200},
	biburl    = {http://dblp.org/rec/bib/journals/corr/LoweWTHAM17},
	bibsource = {dblp computer science bibliography, http://dblp.org}
}

@article{lowe2017,
	author    = {Ryan Lowe and Yi Wu and Aviv Tamar and Jean Harb and Pieter Abbeel and Igor Mordatch},
	title     = {Multi-Agent Actor-Critic for Mixed Cooperative-Competitive Environments},
	journal   = {CoRR},
	volume    = {abs/1706.02275},
	year      = {2017},
	url       = {http://arxiv.org/abs/1706.02275},
	timestamp = {Mon, 03 Jul 2017 13:29:02 +0200},
	biburl    = {http://dblp.uni-trier.de/rec/bib/journals/corr/LoweWTHAM17},
	bibsource = {dblp computer science bibliography, http://dblp.org}
}

@article{Buşoniu2008,
	author = {Lucian Buşoniu and Robert Babu$\hat{s}$ka and Bart De Schutter},
	title = {A Comprehensive Survey of Multiagent Reinforcement Learning},
	journal = {IEEE},
	year = {2008},
	volume    = {38},
	issue = {2}
}

@misc{deepmind,
	title = {Understanding Agent Cooperation},
	howpublished = {\url{https://deepmind.com/blog/understanding-agent-cooperation/}}
}

@misc{pytorch,
	title = {A pytorch implementation of MADDPG},
	howpublished = {\url{https://github.com/xuehy/pytorch-maddpg}},
}

@incollection{nowe2012game,
	title={Game theory and multi-agent reinforcement learning},
	author={Now{\'e}, Ann and Vrancx, Peter and De Hauwere, Yann-Micha{\"e}l},
	booktitle={Reinforcement Learning},
	pages={441--470},
	year={2012},
	publisher={Springer}
}


@misc{agrobot,
	title = {Agrobot simulation for weed killing robots},
	howpublished = {\url{https://test.denisos.com/research}},
}



